@Article{Sivadas2020HowDM,
 author = {Athira Sivadas and K. Broadie},
 booktitle = {Frontiers for Young Minds},
 title = {How Does My Brain Communicate With My Body?},
 volume = {8},
 year = {2020}
}


@Article{Johnson2012BrainII,
 author = {Keith A. Johnson and Nick C Fox and R. Sperling and W. Klunk},
 booktitle = {Cold Spring Harbor Perspectives in Medicine},
 journal = {Cold Spring Harbor perspectives in medicine},
 pages = {
          a006213
        },
 title = {Brain imaging in Alzheimer disease.},
 volume = {2 4},
 year = {2012}
}


@Article{Chapleau2022TheRO,
 author = {Marianne Chapleau and L. Iaccarino and D. Soleimani-Meigooni and G. Rabinovici},
 booktitle = {Journal of Nuclear Medicine},
 journal = {Journal of nuclear medicine : official publication, Society of Nuclear Medicine},
 pages = {
          13S-19S
        },
 title = {The Role of Amyloid PET in Imaging Neurodegenerative Disorders: A Review.},
 volume = {63 Suppl 1},
 year = {2022}
}


@Article{Chen2017MinimalRNNTM,
 author = {Minmin Chen},
 booktitle = {arXiv.org},
 journal = {ArXiv},
 title = {MinimalRNN: Toward More Interpretable and Trainable Recurrent Neural Networks},
 volume = {abs/1711.06788},
 year = {2017}
}


