@article{Wang2021,
  title={Predictive Modeling of Hospital Readmission: Challenges and Solutions},
  author={Wang, Sheng and Zhu, Xiaodong},
  journal={IEEE/ACM Transactions on Computational Biology and Bioinformatics},
  volume={19},
  number={5},
  pages={2975--2995},
  year={2021},
  publisher={IEEE},
  doi={10.1109/TCBB.2021.3089682}
}

@article{Huang2020,
  title={ClinicalBERT: Modeling Clinical Notes and Predicting Hospital Readmission},
  author={Huang, Kexin and Altosaar, Jaan and Ranganath, Rajesh},
  journal={ACM Conference on Health, Inference, and Learning},
  pages={1--9},
  year={2020},
  publisher={ACM}
}

@article{Kumar2025,
  title={BioBERT-RxReadmit: Improving Hospital Readmission Predictions Through Clinical Text Analysis with BioBERT},
  author={Kumar, Akshi and Malla, Jyothi and Sharma, Aditi},
  journal={International Journal on Engineering Artificial Intelligence Management, Decision Support, and Policies},
  volume={2},
  number={1},
  pages={14--29},
  year={2025},
  publisher={JEAIMDSP}
}

@article{Matondora2024,
  title={NLP Based Prediction of Hospital Readmission using ClinicalBERT and Clinician Notes},
  author={Matondora, L and Mutandavari, M and Mupini, B},
  journal={International Journal of Innovative Science and Research Technology},
  volume={9},
  number={7},
  pages={2549--2557},
  year={2024},
  publisher={IJISRT}
}

@article{Devlin2018,
  title={BERT: Pre-training of Deep Bidirectional Transformers for Language Understanding},
  author={Devlin, Jacob and Chang, Ming-Wei and Lee, Kenton and Toutanova, Kristina},
  journal={arXiv preprint arXiv:1810.04805},
  year={2018}
}

@article{Lee2020,
  title={BioBERT: a pre-trained biomedical language representation model for biomedical text mining},
  author={Lee, Jinhyuk and Yoon, Wonjin and Kim, Sungdong and Kim, Donghyeon and Kim, Sunkyu and So, Chan Ho and Kang, Jaewoo},
  journal={Bioinformatics},
  volume={36},
  number={4},
  pages={1234--1240},
  year={2020},
  publisher={Oxford University Press}
}

@article{Johnson2016,
  title={MIMIC-III, a freely accessible critical care database},
  author={Johnson, Alistair E.W. and Pollard, Tom J. and Shen, Lu and Lehman, Li-wei H. and Feng, Mengling and Ghassemi, Mohammad and Moody, Benjamin and Szolovits, Peter and Celi, Leo Anthony and Mark, Roger G.},
  journal={Scientific Data},
  volume={3},
  pages={160035},
  year={2016},
  publisher={Nature Publishing Group}
}

@article{Rajkomar2018,
  title={Scalable and accurate deep learning with electronic health records},
  author={Rajkomar, Alvin and Oren, Eyal and Chen, Kai and Dai, Andrew M. and Hajaj, Nissan and Hardt, Moritz and Liu, Peter J. and Liu, Xiaobing and Marcus, Jake and Sun, Mimi and others},
  journal={npj Digital Medicine},
  volume={1},
  number={1},
  pages={1--10},
  year={2018},
  publisher={Nature Publishing Group}
}

@article{Futoma2015,
  title={A comparison of models for predicting early hospital readmissions},
  author={Futoma, Joseph and Morris, Jonathan and Lucas, Joseph},
  journal={Journal of Biomedical Informatics},
  volume={56},
  pages={229--238},
  year={2015},
  publisher={Elsevier}
}

@article{Kagen2014,
  title={Risk prediction models for hospital readmission: a systematic review},
  author={Kagen, Daniel and Theobald, Cecelia and Freeman, Mark},
  journal={Journal of the American Medical Association},
  volume={306},
  number={15},
  pages={1688--1698},
  year={2014},
  publisher={American Medical Association}
}

@article{Obuobi2021,
  title={Social determinants of health and hospital readmissions: can the HOSPITAL risk score be improved by the inclusion of social factors?},
  author={Obuobi, Samuel and Chua, Rachel F.M. and Besser, Stephanie A. and Tabit, Corey E.},
  journal={BMC Health Services Research},
  volume={21},
  number={1},
  pages={1--8},
  year={2021},
  publisher={BioMed Central}
}

@article{Chapman2011,
  title={Overcoming barriers to NLP for clinical text: the role of shared tasks and the need for additional creative solutions},
  author={Chapman, Wendy W. and Nadkarni, Prakash M. and Hirschman, Lynette and D'Avolio, Leonard W. and Savova, Guergana K. and Uzuner, Ozlem},
  journal={Journal of the American Medical Informatics Association},
  volume={18},
  number={5},
  pages={540--543},
  year={2011},
  publisher={BMJ Publishing Group}
}

@inproceedings{Mikolov2013,
  title={Distributed representations of words and phrases and their compositionality},
  author={Mikolov, Tomas and Sutskever, Ilya and Chen, Kai and Corrado, Greg S. and Dean, Jeff},
  booktitle={Advances in Neural Information Processing Systems},
  pages={3111--3119},
  year={2013}
}

@article{Bojanowski2017,
  title={Enriching word vectors with subword information},
  author={Bojanowski, Piotr and Grave, Edouard and Joulin, Armand and Mikolov, Tomas},
  journal={Transactions of the Association for Computational Linguistics},
  volume={5},
  pages={135--146},
  year={2017},
  publisher={MIT Press}
}

@article{Wang2018,
  title={A comparison of word embeddings for the biomedical natural language processing},
  author={Wang, Yanshan and Liu, Sijia and Afzal, Naveed and Rastegar-Mojarad, Majid and Wang, Liwei and Shen, Feichen and Kingsbury, Paul and Liu, Hongfang},
  journal={Journal of Biomedical Informatics},
  volume={87},
  pages={12--20},
  year={2018},
  publisher={Elsevier}
}

@inproceedings{Peters2018,
  title={Deep contextualized word representations},
  author={Peters, Matthew E. and Neumann, Mark and Iyyer, Mohit and Gardner, Matt and Clark, Christopher and Lee, Kenton and Zettlemoyer, Luke},
  booktitle={Proceedings of the 2018 Conference of the North American Chapter of the Association for Computational Linguistics: Human Language Technologies},
  pages={2227--2237},
  year={2018}
}
